@manual{ref1,
	title		= "ELECTRICITE OPTIONS CONSTRUCTION MECANIQUE ELECTROTECHNIQUE ET ELECTRONIQUE TOME 1",
	author		= "P. FONDANECHE et B. ROULET",
	year		= "1968",
}

@misc{basecourse,
    author    = "Prof. BÃ©at Hirsbrunner, Prof. Pascal Bruegger, Dr. Agnes Lisowska Masson",
    title     = "Pervasive Computing: Selected Topics",
    year     = "2015",
    note     = "Master Course, Swiss Joint Master of Science in Computer Science",
}